@article{Abi:2020wmh,
    author = "Abi, Babak and others",
    collaboration = "DUNE",
    title = "{Deep Underground Neutrino Experiment (DUNE), Far Detector Technical Design Report, Volume I Introduction to DUNE}",
    eprint = "2002.02967",
    archivePrefix = "arXiv",
    primaryClass = "physics.ins-det",
    reportNumber = "FERMILAB-PUB-20-024-ND, FERMILAB-DESIGN-2020-01",
    doi = "10.1088/1748-0221/15/08/T08008",
    journal = "JINST",
    volume = "15",
    number = "08",
    pages = "T08008",
    year = "2020"
}

@article{Esteban:2020cvm,
    author = "Esteban, Ivan and Gonzalez-Garcia, M. C. and Maltoni, Michele and Schwetz, Thomas and Zhou, Albert",
    title = "{The fate of hints: updated global analysis of three-flavor neutrino oscillations}",
    eprint = "2007.14792",
    archivePrefix = "arXiv",
    primaryClass = "hep-ph",
    reportNumber = "IFT-UAM/CSIC-112, YITP-SB-2020-21",
    doi = "10.1007/JHEP09(2020)178",
    journal = "JHEP",
    volume = "09",
    pages = "178",
    year = "2020"
}

@Article{Hyper-Kamiokande:2018ofw,
 author        = "K. Abe and others",
 collaboration = "Hyper-Kamiokande Proto-",
 title         = "Hyper-Kamiokande Design Report",
 year          = "2018",
 eprint        = "1805.04163",
 archivePrefix = "arXiv",
 primaryClass  = "physics.ins-det",
}

@article{ParticleDataGroup:2020ssz,
    author = "Zyla, P. A. and others",
    collaboration = "Particle Data Group",
    title = "{Review of Particle Physics}",
    doi = "10.1093/ptep/ptaa104",
    journal = "PTEP",
    volume = "2020",
    number = "8",
    pages = "083C01",
    year = "2020"
}

%% LQCD literature references
@article{Park:2021ypf,
    author = "Park, Sungwoo and Gupta, Rajan and Yoon, Boram and Mondal, Santanu and Bhattacharya, Tanmoy and Jang, Yong-Chull and Jo\'o, B\'alint and Winter, Frank",
    collaboration = "Nucleon Matrix Elements (NME)",
    title = "{Precision Nucleon Charges and Form Factors Using 2+1-flavor Lattice QCD}",
    eprint = "2103.05599",
    archivePrefix = "arXiv",
    primaryClass = "hep-lat",
    reportNumber = "LA-UR-21-20526",
    month = "3",
    year = "2021"
}

@article{Gupta:2017dwj,
    author = "Gupta, Rajan and Jang, Yong-Chull and Lin, Huey-Wen and Yoon, Boram and Bhattacharya, Tanmoy",
    title = "{Axial Vector Form Factors of the Nucleon from Lattice QCD}",
    eprint = "1705.06834",
    archivePrefix = "arXiv",
    primaryClass = "hep-lat",
    reportNumber = "LA-UR-17-23678",
    doi = "10.1103/PhysRevD.96.114503",
    journal = "Phys. Rev. D",
    volume = "96",
    number = "11",
    pages = "114503",
    year = "2017"
}

@article{Gupta:2018qil,
    author = "Gupta, Rajan and Jang, Yong-Chull and Yoon, Boram and Lin, Huey-Wen and Cirigliano, Vincenzo and Bhattacharya, Tanmoy",
    title = "{Isovector Charges of the Nucleon from 2+1+1-flavor Lattice QCD}",
    eprint = "1806.09006",
    archivePrefix = "arXiv",
    primaryClass = "hep-lat",
    reportNumber = "LA-UR-18-25335, MSUHEP-18-011",
    doi = "10.1103/PhysRevD.98.034503",
    journal = "Phys. Rev. D",
    volume = "98",
    pages = "034503",
    year = "2018"
}

@article{Jang:2019vkm,
    author = "Jang, Yong-Chull and Gupta, Rajan and Yoon, Boram and Bhattacharya, Tanmoy",
    title = "{Axial Vector Form Factors from Lattice QCD that Satisfy the PCAC Relation}",
    eprint = "1905.06470",
    archivePrefix = "arXiv",
    primaryClass = "hep-lat",
    reportNumber = "LA-UR-19-29302",
    doi = "10.1103/PhysRevLett.124.072002",
    journal = "Phys. Rev. Lett.",
    volume = "124",
    number = "7",
    pages = "072002",
    year = "2020"
}

@article{Jang:2019jkn,
    author = "Jang, Yong-Chull and Gupta, Rajan and Lin, Huey-Wen and Yoon, Boram and Bhattacharya, Tanmoy",
    title = "{Nucleon electromagnetic form factors in the continuum limit from ( 2+1+1 )-flavor lattice QCD}",
    eprint = "1906.07217",
    archivePrefix = "arXiv",
    primaryClass = "hep-lat",
    reportNumber = "LA-UR-19-25275, MSUHEP-19-006",
    doi = "10.1103/PhysRevD.101.014507",
    journal = "Phys. Rev. D",
    volume = "101",
    number = "1",
    pages = "014507",
    year = "2020"
}

@article{Ishikawa:2018rew,
    author = "Ishikawa, Ken-Ichi and Kuramashi, Yoshinobu and Sasaki, Shoichi and Tsukamoto, Natsuki and Ukawa, Akira and Yamazaki, Takeshi",
    collaboration = "PACS",
    title = "{Nucleon form factors on a large volume lattice near the physical point in 2+1 flavor QCD}",
    eprint = "1807.03974",
    archivePrefix = "arXiv",
    primaryClass = "hep-lat",
    reportNumber = "UTHEP-721, UTCCS-P-113, HUPD-1806",
    doi = "10.1103/PhysRevD.98.074510",
    journal = "Phys. Rev. D",
    volume = "98",
    number = "7",
    pages = "074510",
    year = "2018"
}

@article{Shintani:2018ozy,
    author = "Shintani, Eigo and Ishikawa, Ken-Ichi and Kuramashi, Yoshinobu and Sasaki, Shoichi and Yamazaki, Takeshi",
    title = "{Nucleon form factors and root-mean-square radii on a (10.8  fm)$^4$ lattice at the physical point}",
    eprint = "1811.07292",
    archivePrefix = "arXiv",
    primaryClass = "hep-lat",
    doi = "10.1103/PhysRevD.99.014510",
    journal = "Phys. Rev. D",
    volume = "99",
    number = "1",
    pages = "014510",
    year = "2019",
    note = "[Erratum: Phys.Rev.D 102, 019902 (2020)]"
}

@article{Tsukamoto:2019dmi,
    author = "Tsukamoto, Natsuki and Aoki, Yasumichi and Ishikawa, Ken-Ichi and Kuramashi, Yoshinobu and Shintani, Eigo and Sasaki, Shoichi and Yamazaki, Takeshi",
    title = "{Nucleon isovector couplings from 2+1 flavor lattice QCD at the physical point}",
    eprint = "1912.00654",
    archivePrefix = "arXiv",
    primaryClass = "hep-lat",
    doi = "10.22323/1.363.0132",
    journal = "PoS",
    volume = "LATTICE2019",
    pages = "132",
    year = "2020"
}

@article{Alexandrou:2018sjm,
    author = "Alexandrou, C. and Bacchio, S. and Constantinou, M. and Finkenrath, J. and Hadjiyiannakou, K. and Jansen, K. and Koutsou, G. and Vaquero Aviles-Casco, A.",
    title = "{Proton and neutron electromagnetic form factors from lattice QCD}",
    eprint = "1812.10311",
    archivePrefix = "arXiv",
    primaryClass = "hep-lat",
    reportNumber = "DESY-18-033, DESY 18-033",
    doi = "10.1103/PhysRevD.100.014509",
    journal = "Phys. Rev. D",
    volume = "100",
    number = "1",
    pages = "014509",
    year = "2019"
}

@article{Alexandrou:2019brg,
    author = "Alexandrou, C. and Bacchio, S. and Constantinou, M. and Finkenrath, J. and Hadjiyiannakou, K. and Jansen, K. and Koutsou, G. and Vaquero Aviles-Casco, A.",
    title = "{Nucleon axial, tensor, and scalar charges and $\sigma$-terms in lattice QCD}",
    eprint = "1909.00485",
    archivePrefix = "arXiv",
    primaryClass = "hep-lat",
    doi = "10.1103/PhysRevD.102.054517",
    journal = "Phys. Rev. D",
    volume = "102",
    number = "5",
    pages = "054517",
    year = "2020"
}

@article{Alexandrou:2020okk,
    author = "Alexandrou, C. and others",
    title = "{Nucleon axial and pseudoscalar form factors from lattice QCD at the physical point}",
    eprint = "2011.13342",
    archivePrefix = "arXiv",
    primaryClass = "hep-lat",
    doi = "10.1103/PhysRevD.103.034509",
    journal = "Phys. Rev. D",
    volume = "103",
    number = "3",
    pages = "034509",
    year = "2021"
}

@article{Bali:2018qus,
    author = {Bali, G. S. and Collins, S. and Gruber, M. and Sch\"afer, A. and Wein, P. and Wurm, T.},
    title = "{Solving the PCAC puzzle for nucleon axial and pseudoscalar form factors}",
    eprint = "1810.05569",
    archivePrefix = "arXiv",
    primaryClass = "hep-lat",
    doi = "10.1016/j.physletb.2018.12.053",
    journal = "Phys. Lett. B",
    volume = "789",
    pages = "666--674",
    year = "2019"
}

@article{RQCD:2019jai,
    author = {Bali, Gunnar S. and Barca, Lorenzo and Collins, Sara and Gruber, Michael and L\"offler, Marius and Sch\"afer, Andreas and S\"oldner, Wolfgang and Wein, Philipp and Weish\"aupl, Simon and Wurm, Thomas},
    collaboration = "RQCD",
    title = "{Nucleon axial structure from lattice QCD}",
    eprint = "1911.13150",
    archivePrefix = "arXiv",
    primaryClass = "hep-lat",
    doi = "10.1007/JHEP05(2020)126",
    journal = "JHEP",
    volume = "05",
    pages = "126",
    year = "2020"
}

@article{Hasan:2017wwt,
    author = "Hasan, Nesreen and Green, Jeremy and Meinel, Stefan and Engelhardt, Michael and Krieg, Stefan and Negele, John and Pochinsky, Andrew and Syritsyn, Sergey",
    title = "{Computing the nucleon charge and axial radii directly at $Q^2=0$ in lattice QCD}",
    eprint = "1711.11385",
    archivePrefix = "arXiv",
    primaryClass = "hep-lat",
    reportNumber = "RBRC-1255, DESY-17-203, RBRC-1261",
    doi = "10.1103/PhysRevD.97.034504",
    journal = "Phys. Rev. D",
    volume = "97",
    number = "3",
    pages = "034504",
    year = "2018"
}

@article{Hasan:2019noy,
    author = "Hasan, Nesreen and Green, Jeremy and Meinel, Stefan and Engelhardt, Michael and Krieg, Stefan and Negele, John and Pochinsky, Andrew and Syritsyn, Sergey",
    title = "{Nucleon axial, scalar, and tensor charges using lattice QCD at the physical pion mass}",
    eprint = "1903.06487",
    archivePrefix = "arXiv",
    primaryClass = "hep-lat",
    reportNumber = "DESY-19-044, DESY 19-044",
    doi = "10.1103/PhysRevD.99.114505",
    journal = "Phys. Rev. D",
    volume = "99",
    number = "11",
    pages = "114505",
    year = "2019"
}


%% end LQCD literature references

